@misc{cota:online,
author = {Juliio Silveira},
title = {Cotagem Desenho Tecnico},
howpublished = {\url{http://docente.ifsc.edu.br/julio.silveira/MaterialDidatico/Desenho%20t%C3%A9cnico%20I/T%C3%B3pico%20IV%20-%20Cotagem/Cotagem%20Desenho%20Tecnico.pdf}},
month = {},
year = {},
note = {(Accessed on 05/17/2022)}
}

@misc{diedro:online,
author = {},
title = {Representações},
howpublished = {\url{https://desenhobasicouff.weebly.com/representaccedilotildees.html}},
month = {},
year = {},
note = {(Accessed on 05/17/2022)}
}

@misc{linha:online,
author = {SANASA Campinas},
title = {Q1038069 - Questões de Concursos | Qconcursos.com},
howpublished = {\url{https://www.qconcursos.com/questoes-de-concursos/questoes/bc9bb873-f4}},
month = {},
year = {2019},
note = {(Accessed on 05/17/2022)}
}

@misc{Garrafa:online,
author = {Nutrify},
title = {Garrafa de Vidro Nutrify com Tampa de Bambu | Nutrify saude},
howpublished = {\url{https://www.nutrify.com.br/garrafa-de-vidro-com-tampa-de-bambu/p}},
month = {},
year = {},
note = {(Accessed on 05/17/2022)}
}

@misc{Chavede:online,
author = {Guepar},
title = {Chave de Fenda CR-V – Guepar},
howpublished = {\url{http://www.guepar.com.br/produto/chave-de-fenda/}},
month = {},
year = {},
note = {(Accessed on 05/17/2022)}
}

@misc{listade:online,
author = {Márcio Catapan},
title = {lista de exercícios de MODELAGEM 3D},
howpublished = {\url{http://www.exatas.ufpr.br/portal/degraf_marcio/wp-content/uploads/sites/13/2014/09/Lista-Exercicio-Modelagem-3D-Inventor.pdf}},
month = {},
year = {},
note = {(Accessed on 05/17/2022)}
}

@misc{Onshape:online,
author = {Onshape},
title = {Onshape Live 2022 - Virtual Event | March 2nd \& 3rd},
howpublished = {\url{https://www.onshape.com/en/onshape-live/}},
month = {},
year = {},
note = {(Accessed on 05/17/2022)}
}

@misc{Bomba:online,
author = {Flavio Nascimento},
title = {Bomba d'água | 3D CAD Model Library | GrabCAD},
howpublished = {\url{https://grabcad.com/library/bomba-d-agua-3}},
month = {},
year = {2021},
note = {(Accessed on 05/17/2022)}
}